<?xml version="1.0" encoding="UTF-8"?>
<Document xmlns="urn:iso:std:iso:20022:tech:xsd:camt.053.001.08">
  <BkToCstmrStmt>
    <GrpHdr>
      <MsgId>NSG.13</MsgId>
      <CreDtTm>2019-04-14T23:59:00+02:00</CreDtTm>
      <MsgRcpt>
        <Nm>NSG Catering</Nm>
        <Id>
          <OrgId>
            <Othr>
              <Id>20202020</Id>
              <SchmeNm>
                <Cd>BANK</Cd>
              </SchmeNm>
            </Othr>
          </OrgId>
        </Id>
      </MsgRcpt>
      </GrpHdr>
    <Stmt>
      <Id>NSG.13.1</Id>
      <LglSeqNb>23</LglSeqNb>
      <CreDtTm>2019-04-14T23:59:00+02:00</CreDtTm>
      <FrToDt>
        <FrDtTm>2019-04-14T00:00:00+02:00</FrDtTm>
        <ToDtTm>2019-04-21T23:59:59+02:00</ToDtTm>
      </FrToDt>
      <Acct>
        <Id>
          <IBAN>DK7650643711684327</IBAN>
        </Id>
        <Ccy>DKK</Ccy>
        <Nm>Business account</Nm>
        <Ownr>
          <Nm>NSG Catering</Nm>
          <Id>
            <OrgId>
              <Othr>
                <Id>20202020</Id>
              </Othr>
            </OrgId>
          </Id>
        </Ownr>
        <Svcr>
          <FinInstnId>
            <BICFI>NDEADKKK</BICFI>
            <Nm>NORDEA BANK DANMARK A/S</Nm>
          </FinInstnId>
        </Svcr>
      </Acct>
      <Bal>
        <Tp>
          <CdOrPrtry>
            <Cd>OPBD</Cd>
          </CdOrPrtry>
        </Tp>
        <Amt Ccy="DKK">29502.2575</Amt>
        <CdtDbtInd>CRDT</CdtDbtInd>
        <Dt>
          <Dt>2019-04-14</Dt>
        </Dt>
      </Bal>
      <Bal>
        <Tp>
          <CdOrPrtry>
            <Cd>CLBD</Cd>
          </CdOrPrtry>
        </Tp>
        <Amt Ccy="DKK">46885.2575</Amt>
        <CdtDbtInd>CRDT</CdtDbtInd>
        <Dt>
          <Dt>2019-04-21</Dt>
        </Dt>
      </Bal>
         
  <TxsSummry>
        <TtlCdtNtries>          <Sum>24750</Sum>
        </TtlCdtNtries>
        <TtlDbtNtries>          <Sum>7367</Sum>
        </TtlDbtNtries>
      </TxsSummry><Ntry>
        <NtryRef>00074</NtryRef>
        <Amt Ccy="DKK">2010</Amt>
        <CdtDbtInd>DBIT</CdtDbtInd>
        <Sts><Prtry>BOOK</Prtry></Sts>
        <BookgDt>
          <Dt>2019-04-15</Dt>
        </BookgDt>
        <ValDt>
          <Dt>2019-04-15</Dt>
        </ValDt> <BkTxCd> <Domn>
            <Cd>PMNT</Cd>
            <Fmly>
              <Cd>RCDT</Cd>
              <SubFmlyCd>ESCT</SubFmlyCd>
            </Fmly>
          </Domn>
          <Prtry>
            <Cd>700TILISIIRTO</Cd>
            <Issr>FFFS</Issr>
          </Prtry>
</BkTxCd>        
        <NtryDtls>
          <TxDtls>
            <AmtDtls>
              <TxAmt>
                <Amt Ccy="DKK">2010</Amt>
              </TxAmt>
            </AmtDtls>
            <RltdPties>
              <Cdtr><Pty>
                <Nm>Inco CC København A/S</Nm>
              </Pty></Cdtr>
            </RltdPties><RmtInf>
               <Strd><RfrdDocInf><Nb>2170138</Nb></RfrdDocInf>
                <CdtrRefInf>
                  <Tp>
                    <CdOrPrtry>
                      <Cd>SCOR</Cd>
                    </CdOrPrtry>
                  </Tp>
                  <Ref>98130815</Ref>
                </CdtrRefInf>
              </Strd>
            </RmtInf>          </TxDtls>
        </NtryDtls>
      </Ntry><Ntry>
        <NtryRef>00075</NtryRef>
        <Amt Ccy="DKK">4788</Amt>
        <CdtDbtInd>DBIT</CdtDbtInd>
        <Sts><Prtry>BOOK</Prtry></Sts>
        <BookgDt>
          <Dt>2019-04-16</Dt>
        </BookgDt>
        <ValDt>
          <Dt>2019-04-16</Dt>
        </ValDt> <BkTxCd> <Domn>
            <Cd>PMNT</Cd>
            <Fmly>
              <Cd>RCDT</Cd>
              <SubFmlyCd>ESCT</SubFmlyCd>
            </Fmly>
          </Domn>
          <Prtry>
            <Cd>700TILISIIRTO</Cd>
            <Issr>FFFS</Issr>
          </Prtry>
</BkTxCd>        
        <NtryDtls>
          <TxDtls>
            <AmtDtls>
              <TxAmt>
                <Amt Ccy="DKK">4788</Amt>
              </TxAmt>
            </AmtDtls>
            <RltdPties>
              <Cdtr><Pty>
                <Nm>Ovid Fish </Nm>
              </Pty></Cdtr>
            </RltdPties><RmtInf>
               <Strd><RfrdDocInf><Nb>183124</Nb></RfrdDocInf>
                <CdtrRefInf>
                  <Tp>
                    <CdOrPrtry>
                      <Cd>SCOR</Cd>
                    </CdOrPrtry>
                  </Tp>
                  <Ref>98130816</Ref>
                </CdtrRefInf>
              </Strd>
            </RmtInf>          </TxDtls>
        </NtryDtls>
      </Ntry><Ntry>
        <NtryRef>00076</NtryRef>
        <Amt Ccy="DKK">239</Amt>
        <CdtDbtInd>DBIT</CdtDbtInd>
        <Sts><Prtry>BOOK</Prtry></Sts>
        <BookgDt>
          <Dt>2019-04-17</Dt>
        </BookgDt>
        <ValDt>
          <Dt>2019-04-17</Dt>
        </ValDt> <BkTxCd> <Domn>
            <Cd>PMNT</Cd>
            <Fmly>
              <Cd>RCDT</Cd>
              <SubFmlyCd>ESCT</SubFmlyCd>
            </Fmly>
          </Domn>
          <Prtry>
            <Cd>700TILISIIRTO</Cd>
            <Issr>FFFS</Issr>
          </Prtry>
</BkTxCd>        
        <NtryDtls>
          <TxDtls>
            <AmtDtls>
              <TxAmt>
                <Amt Ccy="DKK">239</Amt>
              </TxAmt>
            </AmtDtls>
            <RltdPties>
              <Cdtr><Pty>
                <Nm>Gryssjöns Potatis AB</Nm>
              </Pty></Cdtr>
            </RltdPties><RmtInf>
               <Strd><RfrdDocInf><Nb>54274410</Nb></RfrdDocInf>
                <CdtrRefInf>
                  <Tp>
                    <CdOrPrtry>
                      <Cd>SCOR</Cd>
                    </CdOrPrtry>
                  </Tp>
                  <Ref>98130817</Ref>
                </CdtrRefInf>
              </Strd>
            </RmtInf>          </TxDtls>
        </NtryDtls>
      </Ntry><Ntry>
        <NtryRef>00077</NtryRef>
        <Amt Ccy="DKK">330</Amt>
        <CdtDbtInd>DBIT</CdtDbtInd>
        <Sts><Prtry>BOOK</Prtry></Sts>
        <BookgDt>
          <Dt>2019-04-18</Dt>
        </BookgDt>
        <ValDt>
          <Dt>2019-04-18</Dt>
        </ValDt> <BkTxCd> <Domn>
            <Cd>PMNT</Cd>
            <Fmly>
              <Cd>RCDT</Cd>
              <SubFmlyCd>ESCT</SubFmlyCd>
            </Fmly>
          </Domn>
          <Prtry>
            <Cd>700TILISIIRTO</Cd>
            <Issr>FFFS</Issr>
          </Prtry>
</BkTxCd>        
        <NtryDtls>
          <TxDtls>
            <AmtDtls>
              <TxAmt>
                <Amt Ccy="DKK">330</Amt>
              </TxAmt>
            </AmtDtls>
            <RltdPties>
              <Cdtr><Pty>
                <Nm>Inco CC København A/S</Nm>
              </Pty></Cdtr>
            </RltdPties><RmtInf>
               <Strd><RfrdDocInf><Nb>2170139</Nb></RfrdDocInf>
                <CdtrRefInf>
                  <Tp>
                    <CdOrPrtry>
                      <Cd>SCOR</Cd>
                    </CdOrPrtry>
                  </Tp>
                  <Ref>98130818</Ref>
                </CdtrRefInf>
              </Strd>
            </RmtInf>          </TxDtls>
        </NtryDtls>
      </Ntry><Ntry>
        <NtryRef>00078</NtryRef>
        <Amt Ccy="DKK">24750</Amt>
        <CdtDbtInd>CRDT</CdtDbtInd>
        <Sts><Prtry>BOOK</Prtry></Sts>
        <BookgDt>
          <Dt>2019-04-19</Dt>
        </BookgDt>
        <ValDt>
          <Dt>2019-04-19</Dt>
        </ValDt> <BkTxCd> <Domn>
            <Cd>PMNT</Cd>
            <Fmly>
              <Cd>RCDT</Cd>
              <SubFmlyCd>ESCT</SubFmlyCd>
            </Fmly>
          </Domn>
          <Prtry>
            <Cd>700TILISIIRTO</Cd>
            <Issr>FFFS</Issr>
          </Prtry>
</BkTxCd>        
        <NtryDtls>
          <TxDtls>
            <AmtDtls>
              <TxAmt>
                <Amt Ccy="DKK">24750</Amt>
              </TxAmt>
            </AmtDtls>
            <RltdPties>
              <Cdtr><Pty>
                <Nm>NSG Catering</Nm>
              </Pty></Cdtr>
            </RltdPties><RmtInf>
               <Strd><RfrdDocInf><Nb>2460909</Nb></RfrdDocInf>
                <CdtrRefInf>
                  <Tp>
                    <CdOrPrtry>
                      <Cd>SCOR</Cd>
                    </CdOrPrtry>
                  </Tp>
                  <Ref>48084854</Ref>
                </CdtrRefInf>
              </Strd>
            </RmtInf>          </TxDtls>
        </NtryDtls>
      </Ntry>  </Stmt>
  </BkToCstmrStmt>
</Document>