<?xml version="1.0" encoding="utf-8"?>
<xbrli:xbrl xmlns:xsi="http://www.w3.org/2001/XMLSchema-instance"
            xmlns:gl-plt="http://www.xbrl.org/int/gl/plt/2015-03-25"
            xmlns:xbrll="http://www.xbrl.org/2003/linkbase"
            xmlns:gl-cor="http://www.xbrl.org/int/gl/cor/2015-03-25"
            xmlns:gl-rapko="http://www.xbrl.org/int/gl/rapko/2015-07-01"
            xmlns:iso639="http://www.xbrl.org/2005/iso639"
            xmlns:gl-taf="http://www.xbrl.org/int/gl/taf/2015-03-25"
            xmlns:gl-muc="http://www.xbrl.org/int/gl/muc/2015-03-25"
            xmlns:xbrli="http://www.xbrl.org/2003/instance"
            xmlns:iso4217="http://www.xbrl.org/2003/iso4217"
            xmlns:gl-bus="http://www.xbrl.org/int/gl/bus/2015-03-25"
            xmlns:xlink="http://www.w3.org/1999/xlink"
            xmlns:xs="http://www.w3.org/2001/XMLSchema"
            xmlns:ix="http://www.xbrl.org/2008/inlineXBRL"
            xmlns:ixt="http://www.xbrl.org/inlineXBRL/transformation/2010-04-20"
            xmlns:fn="http://www.w3.org/2005/02/xpath-functions"
            xmlns:link="http://www.xbrl.org/2003/linkbase"
            xmlns="urn:iso:std:iso:20022:tech:xsd:camt.053.001.02"
            xsi:schemaLocation="http://www.xbrl.org/int/gl/plt/2015-03-25 ../../../taxonomies/XBRL-GL-REC-2017-01-01-fi/gl/plt/case-c-b-m-u-t-s-r/gl-plt-fi-all-2017-01-01.xsd">
   <xbrll:schemaRef xlink:type="simple"
                    xlink:href="../../../taxonomies/XBRL-GL-REC-2017-01-01-fi/gl/plt/case-c-b-m-u-t-s-r/gl-plt-fi-all-2017-01-01.xsd"
                    xlink:arcrole="http://www.w3.org/1999/xlink/properties/linkbase"/>
   <xbrli:context id="now">
      <xbrli:entity>
         <xbrli:identifier scheme="http://www.xbrl.org/xbrlgl/sample">SAMPLE</xbrli:identifier>
      </xbrli:entity>
      <xbrli:period>
         <xbrli:instant>2019-06-28+03:00</xbrli:instant>
      </xbrli:period>
   </xbrli:context>
   <xbrli:unit id="NotUsed">
      <xbrli:measure>pure</xbrli:measure>
   </xbrli:unit>
   <xbrli:unit id="EUR">
      <xbrli:measure>iso4217:EUR</xbrli:measure>
   </xbrli:unit>
   <gl-cor:accountingEntries>
      <gl-cor:documentInfo>
         <gl-cor:entriesType contextRef="now">journal</gl-cor:entriesType>
         <gl-cor:creationDate contextRef="now">2019-06-28+03:00</gl-cor:creationDate>
         <gl-cor:periodCoveredStart contextRef="now">2017-07-07T00:00:00+02:00</gl-cor:periodCoveredStart>
         <gl-cor:periodCoveredEnd contextRef="now">2017-07-10T00:00:00+02:00</gl-cor:periodCoveredEnd>
         <gl-muc:defaultCurrency contextRef="now">EUR</gl-muc:defaultCurrency>
      </gl-cor:documentInfo>
      <gl-cor:entityInformation>
         <gl-bus:organizationIdentifiers>
            <gl-bus:organizationIdentifier contextRef="now">2372513-5</gl-bus:organizationIdentifier>
         </gl-bus:organizationIdentifiers>
         <gl-bus:organizationAddress>
            <gl-bus:organizationAddressName contextRef="now">KOMKOM KY</gl-bus:organizationAddressName>
         </gl-bus:organizationAddress>
         <gl-bus:contactInformation>
            <gl-bus:contactPhone/>
            <gl-bus:contactPhone/>
            <gl-bus:contactFax/>
            <gl-bus:contactEMail/>
         </gl-bus:contactInformation>
      </gl-cor:entityInformation>
      <gl-cor:entryHeader>
         <gl-cor:sourceJournalID contextRef="now">gi</gl-cor:sourceJournalID>
         <gl-cor:entryDetail>
            <gl-cor:account>
               <gl-cor:accountMainID contextRef="now">191001</gl-cor:accountMainID>
               <gl-cor:mainAccountTypeDescription contextRef="now">FI</gl-cor:mainAccountTypeDescription>
            </gl-cor:account>
            <gl-cor:amount decimals="2" contextRef="now" unitRef="EUR">-196.26</gl-cor:amount>
            <gl-bus:amountMemo contextRef="now">false</gl-bus:amountMemo>
            <gl-cor:identifierReference>
               <gl-cor:identifierExternalReference>
                  <gl-cor:identifierAuthorityCode contextRef="now">FI5551722020109317</gl-cor:identifierAuthorityCode>
                  <gl-cor:identifierAuthority contextRef="now">IBAN</gl-cor:identifierAuthority>
               </gl-cor:identifierExternalReference>
            </gl-cor:identifierReference>
            <gl-cor:identifierReference>
               <gl-cor:identifierExternalReference>
                  <gl-cor:identifierAuthorityCode contextRef="now">OKOYFIHH</gl-cor:identifierAuthorityCode>
                  <gl-cor:identifierAuthority contextRef="now">BIC</gl-cor:identifierAuthority>
               </gl-cor:identifierExternalReference>
               <gl-cor:identifierDescription contextRef="now">KYMENLAAKSON OSUUSPANKKI</gl-cor:identifierDescription>
               <gl-cor:identifierType contextRef="now">FI-F</gl-cor:identifierType>
               <gl-bus:identifierAddress/>
            </gl-cor:identifierReference>
            <gl-cor:documentType contextRef="now">finance-charge</gl-cor:documentType>
            <gl-cor:documentNumber contextRef="now">042</gl-cor:documentNumber>
            <gl-cor:documentDate contextRef="now">2017-07-10T22:56:00+02:00</gl-cor:documentDate>
            <gl-cor:detailComment contextRef="now">Header</gl-cor:detailComment>
         </gl-cor:entryDetail>
      </gl-cor:entryHeader>
      <gl-cor:entryHeader>
         <gl-cor:sourceJournalID contextRef="now">gi</gl-cor:sourceJournalID>
         <gl-cor:entryComment contextRef="now">vientiselite: PMNTRCDTESCT maksun syykoodi: </gl-cor:entryComment>
         <gl-bus:totalDebit contextRef="now" unitRef="EUR" decimals="2">0.00</gl-bus:totalDebit>
         <gl-bus:totalCredit contextRef="now" unitRef="EUR" decimals="2">196.26</gl-bus:totalCredit>
         <gl-cor:entryDetail>
            <gl-cor:account>
               <gl-cor:accountMainID contextRef="now">290601</gl-cor:accountMainID>
               <gl-cor:mainAccountTypeDescription contextRef="now">FI</gl-cor:mainAccountTypeDescription>
            </gl-cor:account>
            <gl-cor:amount decimals="2" contextRef="now" unitRef="EUR">120.00</gl-cor:amount>
            <gl-cor:postingDate contextRef="now">2017-07-10</gl-cor:postingDate>
            <gl-cor:identifierReference>
               <gl-cor:identifierExternalReference>
                  <gl-cor:identifierAuthorityCode contextRef="now">FI5551722020109317</gl-cor:identifierAuthorityCode>
                  <gl-cor:identifierAuthority contextRef="now">IBAN</gl-cor:identifierAuthority>
               </gl-cor:identifierExternalReference>
            </gl-cor:identifierReference>
            <gl-cor:identifierReference>
               <gl-cor:identifierExternalReference>
                  <gl-cor:identifierAuthorityCode contextRef="now">OKOYFIHH</gl-cor:identifierAuthorityCode>
                  <gl-cor:identifierAuthority contextRef="now">BIC</gl-cor:identifierAuthority>
               </gl-cor:identifierExternalReference>
               <gl-cor:identifierDescription contextRef="now">KYMENLAAKSON OSUUSPANKKI</gl-cor:identifierDescription>
               <gl-cor:identifierType contextRef="now">FI-F</gl-cor:identifierType>
            </gl-cor:identifierReference>
            <gl-cor:identifierReference>
               <gl-cor:identifierExternalReference>
                  <gl-cor:identifierAuthorityCode contextRef="now">HABAEE2X</gl-cor:identifierAuthorityCode>
                  <gl-cor:identifierAuthority contextRef="now">BIC</gl-cor:identifierAuthority>
               </gl-cor:identifierExternalReference>
               <gl-cor:identifierOrganizationType contextRef="now">organization</gl-cor:identifierOrganizationType>
            </gl-cor:identifierReference>
            <gl-cor:identifierReference>
               <gl-cor:identifierOrganizationType contextRef="now">organization</gl-cor:identifierOrganizationType>
               <gl-cor:identifierDescription contextRef="now">Estonian Organic Farming Foundation</gl-cor:identifierDescription>
               <gl-cor:identifierType contextRef="now">FI-S</gl-cor:identifierType>
               <gl-bus:identifierAddress/>
            </gl-cor:identifierReference>
            <gl-cor:documentType contextRef="now">finance-charge</gl-cor:documentType>
            <gl-cor:documentNumber contextRef="now">042</gl-cor:documentNumber>
            <gl-cor:documentDate contextRef="now">2017-07-10T22:56:00+02:00</gl-cor:documentDate>
            <gl-cor:detailComment contextRef="now">Row</gl-cor:detailComment>
            <gl-cor:dateAcknowledged contextRef="now">2017-07-07T00:00:00+02:00</gl-cor:dateAcknowledged>
            <gl-taf:originatingDocumentStructure/>
            <gl-taf:originatingDocumentStructure/>
            <gl-taf:originatingDocumentStructure/>
         </gl-cor:entryDetail>
      </gl-cor:entryHeader>
      <gl-cor:entryHeader>
         <gl-cor:sourceJournalID contextRef="now">gi</gl-cor:sourceJournalID>
         <gl-cor:entryComment contextRef="now">vientiselite: PMNTICDTSTDO maksun syykoodi: </gl-cor:entryComment>
         <gl-bus:totalDebit contextRef="now" unitRef="EUR" decimals="2">0.00</gl-bus:totalDebit>
         <gl-bus:totalCredit contextRef="now" unitRef="EUR" decimals="2">196.26</gl-bus:totalCredit>
         <gl-cor:entryDetail>
            <gl-cor:account>
               <gl-cor:accountMainID contextRef="now">290601</gl-cor:accountMainID>
               <gl-cor:mainAccountTypeDescription contextRef="now">FI</gl-cor:mainAccountTypeDescription>
            </gl-cor:account>
            <gl-cor:amount decimals="2" contextRef="now" unitRef="EUR">76.26</gl-cor:amount>
            <gl-cor:postingDate contextRef="now">2017-07-10</gl-cor:postingDate>
            <gl-cor:identifierReference>
               <gl-cor:identifierExternalReference>
                  <gl-cor:identifierAuthorityCode contextRef="now">FI5551722020109317</gl-cor:identifierAuthorityCode>
                  <gl-cor:identifierAuthority contextRef="now">IBAN</gl-cor:identifierAuthority>
               </gl-cor:identifierExternalReference>
            </gl-cor:identifierReference>
            <gl-cor:identifierReference>
               <gl-cor:identifierExternalReference>
                  <gl-cor:identifierAuthorityCode contextRef="now">OKOYFIHH</gl-cor:identifierAuthorityCode>
                  <gl-cor:identifierAuthority contextRef="now">BIC</gl-cor:identifierAuthority>
               </gl-cor:identifierExternalReference>
               <gl-cor:identifierDescription contextRef="now">KYMENLAAKSON OSUUSPANKKI</gl-cor:identifierDescription>
               <gl-cor:identifierType contextRef="now">FI-F</gl-cor:identifierType>
            </gl-cor:identifierReference>
            <gl-cor:identifierReference>
               <gl-cor:identifierExternalReference>
                  <gl-cor:identifierAuthorityCode contextRef="now">DABAFIHH</gl-cor:identifierAuthorityCode>
                  <gl-cor:identifierAuthority contextRef="now">BIC</gl-cor:identifierAuthority>
               </gl-cor:identifierExternalReference>
               <gl-cor:identifierOrganizationType contextRef="now">organization</gl-cor:identifierOrganizationType>
            </gl-cor:identifierReference>
            <gl-cor:identifierReference>
               <gl-cor:identifierOrganizationType contextRef="now">organization</gl-cor:identifierOrganizationType>
               <gl-cor:identifierDescription contextRef="now">Kuntahakemisto</gl-cor:identifierDescription>
               <gl-cor:identifierType contextRef="now">FI-S</gl-cor:identifierType>
               <gl-bus:identifierAddress/>
            </gl-cor:identifierReference>
            <gl-cor:documentType contextRef="now">finance-charge</gl-cor:documentType>
            <gl-cor:documentNumber contextRef="now">042</gl-cor:documentNumber>
            <gl-cor:documentDate contextRef="now">2017-07-10T22:56:00+02:00</gl-cor:documentDate>
            <gl-cor:detailComment contextRef="now">Row</gl-cor:detailComment>
            <gl-cor:dateAcknowledged contextRef="now">2017-07-10T00:00:00+02:00</gl-cor:dateAcknowledged>
            <gl-taf:originatingDocumentStructure/>
            <gl-taf:originatingDocumentStructure/>
            <gl-taf:originatingDocumentStructure>
               <gl-taf:originatingDocumentIdentifierType contextRef="now">O</gl-taf:originatingDocumentIdentifierType>
               <gl-taf:originatingDocumentIdentifierCode contextRef="now">31650240720221490</gl-taf:originatingDocumentIdentifierCode>
            </gl-taf:originatingDocumentStructure>
         </gl-cor:entryDetail>
      </gl-cor:entryHeader>
   </gl-cor:accountingEntries>
</xbrli:xbrl>
